<?xml version="1.0" encoding="UTF-8"?><record xmlns="http://www.loc.gov/MARC21/slim" xmlns:cinclude="http://apache.org/cocoon/include/1.0" xmlns:zs="http://www.loc.gov/zing/srw/">
  <leader>00678cz  a2200181n  4500</leader>
  <controlfield tag="001">nr 94014997 </controlfield>
  <controlfield tag="003">DLC</controlfield>
  <controlfield tag="005">20081030082301.0</controlfield>
  <controlfield tag="008">940505n| acannaabn          |b aac     c</controlfield>
  <datafield tag="010" ind1=" " ind2=" ">
    <subfield code="a">nr 94014997 </subfield>
  </datafield>
  <datafield tag="035" ind1=" " ind2=" ">
    <subfield code="a">(OCoLC)oca03599879</subfield>
  </datafield>
  <datafield tag="040" ind1=" " ind2=" ">
    <subfield code="a">DLC-R</subfield>
    <subfield code="b">eng</subfield>
    <subfield code="c">DLC-R</subfield>
    <subfield code="d">OCoLC</subfield>
  </datafield>
  <datafield tag="100" ind1="1" ind2=" ">
    <subfield code="a">Ojima, Sekimon</subfield>
  </datafield>
  <datafield tag="400" ind1="1" ind2=" ">
    <subfield code="a">尾島碩聞</subfield>
  </datafield>
  <datafield tag="667" ind1=" " ind2=" ">
    <subfield code="a">Machine-derived non-Latin script reference project.</subfield>
  </datafield>
  <datafield tag="667" ind1=" " ind2=" ">
    <subfield code="a">Non-Latin script reference not evaluated.</subfield>
  </datafield>
  <datafield tag="670" ind1=" " ind2=" ">
    <subfield code="a">Kasō shinpen, 1901:</subfield>
    <subfield code="b">v. 1, colophon (Ojima Sekimon) pref. (hd., Koishikawa Jōkakuji; Buddhist priest)</subfield>
  </datafield>
  <datafield tag="675" ind1=" " ind2=" ">
    <subfield code="a">Dai jinmei j.;</subfield>
    <subfield code="a">Jinbutsu refarensu j.;</subfield>
    <subfield code="a">Nihon bukke jinmei j.;</subfield>
    <subfield code="a">NDL Meijiki kankō tosho mokuroku.</subfield>
  </datafield>
</record>